@book{Savage1954,
  title={The foundations of statistics},
  author={Savage, Leonard J},
  year={1954},
  address= {New York, NY},
  publisher={Wiley}
}

@article{Alhakami1994,
  title={A psychological study of the inverse relationship between perceived risk and perceived benefit},
  author={Alhakami, Ali Siddiq and Slovic, Paul},
  journal={Risk analysis},
  volume={14},
  pages={1085--1096},
  doi = { http://dx.doi.org/10.1111/j.1539-6924.1994.tb00080.x},
  year={1994}
}
@article{Alloy1984,
  title={{Assessment of covariation by humans and animals: The joint influence of prior expectations and current situational information.}},
  author={Alloy, Lauren B and Tabachnik, Naomi},
  journal={Psychological Review},
  volume={91},
  pages={112--149},
  doi = { http://dx.doi.org/10.1037/0033-295X.91.1.112 },
  year={1984}
}

@article{Ambuehl2015,
  title={More Money, More Problems? Can High Pay be Coercive and Repugnant?},
  author={Ambuehl, Sandro and Niederle, Muriel and Roth, Alvin E},
  journal={The American Economic Review},
  volume={105},
  doi ={http://dx.doi.org/10.1257/aer.p20151034},
  pages={357--360},
  year={2015}
}
@article{Ashby1994,
  title={On the dangers of averaging across subjects when using multidimensional scaling or the similarity-choice model},
  author={Ashby, F Gregory and Maddox, W Todd and Lee, W William},
  journal={Psychological Science},
  volume={5},
  url = {http://www.jstor.org/stable/40063087},
  pages={144--151},
  year={1994}
}
@article{Ashby2014,
author = {Ashby, Nathaniel J S and Rakow, Tim},
year = {2014},
title = {{Forgetting the past: Individual differences in recency in subjective valuations from experience.}},
volume = {40},
doi = {http://dx.doi.org/10.1037/a0036352},
pages = {1153--1162},
journal = {Journal of Experimental Psychology. Learning, Memory, and Cognition},
}

@article{Ashby2017,
  title={{Numeracy predicts preference consistency: Deliberative search heuristics increase choice consistency for choices from description and experience}},
  author={Ashby, Nathaniel JS},
  journal={Judgment and Decision Making},
  volume={12},
  pages={128--139},
  year={2017}
 
}

@article{Barron2009,
author = {Barron, Greg and Yechiam, Eldad},
journal = {Judgment and Decision Making},
pages = {447--460},
title = {{The coexistence of overestimation and underweighting of rare events and the contingent recency effect}},
volume = {4},
url = {http://journal.sjdm.org/9729b/jdm9729b.pdf},
year = {2009}
}

@Manual{BayesFactor,
    title = {BayesFactor: Computation of Bayes factors for common designs},
    author = {Richard D. Morey and Jeffrey N. Rouder},
    year = {2014},
    note = {R package version 0.9.9},
    url = {http://CRAN.R-project.org/package=BayesFactor}
  }
  
@article{Becker1964, 
author = {Becker, G M and DeGroot, M H and Marschak, J},
year = {1964},
title = {{ Measuring utility by a single-response sequential method}},
journal = {Behavioural Science},
volume = {9},
pages = {226--232},
}
@article{Brase2017,
  title={{Adding up to good Bayesian reasoning: Problem format manipulations and individual skill differences.}},
  author={Brase, Gary L and Hill, W Trey},
  journal={Journal of Experimental Psychology: General},
  pages={577--591},
  doi={ http://dx.doi.org/10.1037/xge0000280},
  year={2017},
  volume = {146}
}
@article{Brase2015,
  title={{Good fences make for good neighbors but bad science: A review of what improves Bayesian reasoning and why}},
  author={Brase, Gary L and Hill, W Trey},
  journal={Frontiers in Psychology},
  pages = {340},
  doi = {http://dx.doi.org/10.3389/fpsyg.2015.00340},
  year={2015}
}
@book{Brunswik1947,
  title={{Systematic and representative design of psychological experiments. With results in physical and social perception.}},
  author={Brunswik, Egon},
  year={1947},
  address = {Berkeley, CA},
  publisher = {University of California Press.}
}
@article{Brunswik1955,
author = {Brunswik, Egon},
pages = {193--217},
title = {{Representative design and probabilistic theory in a functional psychology.}},
volume = {62},
journal = {Psychological Review},
doi= {https://dx.doi.org/10.1037/h0047470},
year = {1955}
}

@book{Burnham2002,
  title={Model selection and multimodel inference: A practical information-theoretic approach},
  author={Burnham, Kenneth P and Anderson, David R},
  year={2002},
  address= {New York, NY},
  publisher={Springer}
}

@article{Busemeyer1985,
author = {Busemeyer, J R},
title = {{Decision making under uncertainty: a comparison of simple scalability, fixed-sample, and sequential-sampling models.}},
journal = {Journal of Experimental Psychology. Learning, Memory, and Cognition},
pages = {538--564},
volume = {11},
year = {1985}
}
@article{Busemeyer1988,
  title={Psychological models of deferred decision making},
  author={Busemeyer, Jerome R and Rapoport, Amnon},
  journal={Journal of Mathematical Psychology},
  volume={32},
  pages={91--134},
  year={1988}
  }
@incollection{Busemeyer1997,
  author      = {Busemeyer, Jerome R. and  Byun, Eunhee  and  Delosh, Edward L. and  McDaniel, Mark A.},
  title       = {Learning functional relations based on experience with input-output pairs by humans and artificial neural networks},
  editor      = {Lamberts,Koen and Shanks, David },
  booktitle   = {Knowledge, concepts, and categories},
  publisher   = {Psychology Press},
  address     = {New York},
  year        = {1997},
  pages       = {405--437},
  chapter     = {11}
}

@incollection{Camilleri2013a,
address = {Oxford, UK},
author = {Camilleri, Adrian R and Newell, Ben R},
booktitle = {{Progress in brain research: Vol. 202. Decision making: Neural and behavioural approaches}},
chapter = {4},
editor = {Srinivasan, Narayanan and Pammi, Chandrasekha},
pages = {55--71},
publisher = {Elsevier},
title = {{Mind the gap? Description, experience, and the continuum of uncertainty in risky choice.}},
year = {2013}
}

@inproceedings{Camilleri2009a,
author = {Camilleri, Adrian R and Newell, Ben R},
year = {2009},
title = {{Within-subject preference reversals in description- and experience-based choice}},
booktitle = {Proceedings of the 31st Annual Conference of the Cognitive Science Society},
pages = {449--454},
publisher = {Cognitive Science Society.}
}

@article{Camilleri2009,
author = {Camilleri, Adrian R and Newell, Ben R},
year = {2009},
title = {{The role of representation in experience-based choice}},
journal = {Judgment and Decision Making},
volume = {4},
url = {http://journal.sjdm.org/9713/jdm9713.pdf},
pages = {518--529}
}

@inproceedings{Camilleri2011,
author = {Camilleri, Adrian R and Newell, Ben R},
year = {2011},
title = {{The relevance of a probabilistic mindset in risky choice}},
booktitle = {Proceedings of the 33rd Annual Conference of the Cognitive Science Society},
pages = {2794--2799},
publisher = {Cognitive Science Society.}
}

@article{Camilleri2011a,
author = {Camilleri, Adrian R and Newell, Ben R},
year = {2011},
title = {{Description- and experience-based choice: Does equivalent information equal equivalent choice?}},
journal = {Acta Psychologica},
volume = {136},
pages = {276--284},
doi = {http://dx.doi.org/10.1016/j.actpsy.2010.11.007}
}
@PHDTHESIS{Camilleri2011b,
author = {Camilleri, Adrian R},
year = {2011},
title = {{The psychological mechanisms underpinning experience-based choice}},
school = {The University of New South Wales},
address = {Sydney, Australia}
}
@article{Chapman2009,
  title={{Numeracy, frequency, and Bayesian reasoning}},
  author={Chapman, Gretchen B and Liu, Jingjing},
  journal={Judgment and Decision Making},
  volume={4},
  url= {http://www.sjdm.org/journal/8708/jdm8708.pdf},
  pages={34--40},
  year={2009}
}

@book{Chaucer,
  title={In The Riverside Chaucer.},
  author={Chaucer, Geoffrey},
  year={1987},
  editor = {Larry D. Benson},
  address= {Boston, Mass.},
  publisher={Houghton Mifflin Co.}
}
@article{Chen2008,
  title={Herd behavior in purchasing books online},
  author={Chen, Yi-Fen},
  journal={Computers in Human Behavior},
  volume={24},
  pages={1977--1992},
  doi = {http://dx.doi.org/10.1016/j.chb.2007.08.004},
  year={2008}
  }
@article{Cokely2012,
  title={{Measuring risk literacy: The Berlin numeracy test}},
  author={Cokely, Edward T and Galesic, Mirta and Schulz, Eric and Ghazal, Saima and Garcia-Retamero, Rocio},
  journal={Judgment and Decision Making},
  volume={7},
  pages={25--47},
  year={2012}}
}

@article{Courville2006Bayesian,
  title={Bayesian theories of conditioning in a changing world},
  author={Courville, Aaron C and Daw, Nathaniel D and Touretzky, David S},
  journal={Trends in Cognitive Sciences},
  volume={10},
  pages={294--300},
  doi = {http://dx.doi.org/10.1016/j.tics.2006.05.004},
  year={2006},
  publisher={Elsevier}
}
@book{CIOMS2016,
  title={{International ethical guidelines for health-related research involving humans.}},
  author={{Council for International Organizations of Medical Sciences (CIOMS)}},
  year={2016},
  address = {Geneva, Switzerland},
  publisher = {CIOMS.}
}
@article{Cryder2010,
  title={Informative inducement: study payment as a signal of risk},
  author={Cryder, Cynthia E and London, Alex John and Volpp, Kevin G and Loewenstein, George},
  journal={Social science \& medicine},
  volume={70},
  pages={455--464},
  year={2010}
}
@article{Deutsch1955,
  title={A study of normative and informational social influences upon individual judgment.},
  author={Deutsch, Morton and Gerard, Harold B},
  journal={The journal of abnormal and social psychology},
  volume={51},
  pages={629--636},
  year={1955},
  doi = {https://doi.org/10.1037/h0046408 }
}
@article{DeMartino2017,
  title={Social Information Is Integrated into Value and Confidence Judgments According to Its Reliability},
  author={De Martino, Benedetto and Bobadilla-Suarez, Sebastian and Nouguchi, Takao and Sharot, Tali and Love, Bradley C},
  journal={Journal of Neuroscience},
  volume={37},
  pages={6066--6074},
  doi = {http://dx.doi.org/10.1523/jneurosci.3880-16.2017},
  year={2017}
}
@article{Dickert2002,
  title={Paying research subjects: An analysis of current policies},
  author={Dickert, Neal and Emanuel, Ezekiel and Grady, Christine},
  journal={Annals of Internal Medicine},
  volume={136},
  pages={368--373},
  doi = {http://dx.doi.org/10.7326/0003-4819-136-5-200203050-00009},
  year={2002}
}
@article{Dhami2004,
author = {Dhami, M K and Hertwig, R and Hoffrage, U},
journal = {Psychological Bulletin},
pages = {959--988},
title = {{The role of representative design in an ecological approach to cognition}},
volume = {130},
year = {2004}
}

@article{Dieckmann2007,
  title={The influence of information redundancy on probabilistic inferences},
  author={Dieckmann, Anja and Rieskamp, J{\"o}rg},
  journal={Memory \& Cognition},
  volume={35},
  pages={1801--1813},
  year={2007}
}

@article{Dimson2003,
  title={Global evidence on the equity risk premium},
  author={Dimson, Elroy and Marsh, Paul and Staunton, Mike},
  journal={Journal of Applied Corporate Finance},
  volume={15},
  pages={27--38},
  year={2003}
}
@article{Dutt2012,
  title={The role of inertia in modeling decisions from experience with instance-based learning},
  author={Dutt, Varun and Gonzalez, Cleotilde},
  journal={Frontiers in Psychology},
  volume={3},
  number = {177},
  year={2012},
  pages={1--10},
  doi = {http://dx.doi.org/10.3389/fpsyg.2012.00177}
}
@article{Duxbury2004,
author = {Duxbury, Darren and Summers, Barbara},
journal = {Economics Letters},
pages = {21--28},
title = {{Financial risk perception. Are individuals variance averse or loss averse?}},
volume = {84},
year = {2004},
doi = { https://doi.org/10.1016/s0165-1765(04)00011-4 }
}


@article{Edwards1961,
  title={Probability learning in 1000 trials.},
  author={Edwards, Ward},
  journal={Journal of Experimental Psychology},
  volume={62},
  pages={385--394},
  doi = {http://dx.doi.org/10.1037/h0041970},
  year={1961},
  publisher={American Psychological Association}
}
@article{Edwards1962,
  title={Utility, subjective probability, their interaction, and variance preferences},
  author={Edwards, Ward},
  journal={Journal of Conflict Resolution},
  volume={6},
  pages={42--51},
  doi = {http://dx.doi.org/10.1177/002200276200600106},
  year={1962}
}
@article{Ert2014,
  title={Sampling experience reverses preferences for ambiguity},
  author={Ert, Eyal and Trautmann, Stefan T},
  journal={Journal of Risk and Uncertainty},
  volume={49},
  pages={31--42},
  doi = {http://dx.doi.org/10.1007/s11166-014-9197-9},
  year={2014}
}
@article{Estes1950,
  title={Toward a statistical theory of learning.},
  author={Estes, William K},
  journal={Psychological Review},
  volume={57},
  pages={94--107},
  doi = {http://dx.doi.org/10.1037/0033-295x.101.2.282},
  year={1950},
  publisher={American Psychological Association}
}
@article{Fama1973,
title = {Risk, Return, and Equilibrium: Empirical Tests},
author = {Fama, Eugene and MacBeth, James D},
year = {1973},
journal = {Journal of Political Economy},
volume = {81},
pages = {607-36}
}
@article{Fang2016,
  title={Consumer Heterogeneity, perceived value, and repurchase decision-making in online shopping: The role of gender, age, and shopping motives},
    author={Fang, Jiaming and Wen, Chao and George, Benjamin and Prybutok, Victor R.},
  journal={Journal of Electronic Commerce Research},
  volume={17},
  url = {https://search.proquest.com/docview/1792212900},
  pages={116--131},
  year={2016}
  }
@article{Fiedler2000,
  title={{Beware of samples! A cognitive-ecological sampling approach to judgment biases}},
  author={Fiedler, Klaus},
  journal={Psychological Review},
  volume={107},
  pages={659-676},
  doi = {http://dx.doi.org/10.1037//0033-295x.107.4.659},
  year={2000}
  }
@article{Fischbacher2013,
  title={How to model heterogeneity in costly punishment: Insights from responders' response times},
  author={Fischbacher, Urs and Hertwig, Ralph and Bruhin, Adrian},
  journal={Journal of Behavioral Decision Making},
  volume={26},
  pages={462--476},
  doi = {http://dx.doi.org/10.1002/bdm.1779},
  year={2013}
}
@article{Gigerenzer1991,
author = {Gigerenzer, G and Hoffrage, U and Kleinbolting, H},
journal = {Psychological Review},
pages = {506--528},
title = {{Probabilistic mental models---A Brunswikian theory of confidence}},
volume = {98},
doi = {http://dx.doi.org/10.1037/0033-295x.98.4.506},
year = {1991}
}

@article{Gigerenzer1992,
  title={Domain-specific reasoning: Social contracts, cheating, and perspective change},
  author={Gigerenzer, Gerd and Hug, Klaus},
  journal={Cognition},
  volume={43},
  pages={127--171},
  doi = {http://dx.doi.org/10.1016/0010-0277(92)90060-u},
  year={1992},
}

@book{Gigerenzer1999,
  title={Simple Heuristics That Make Us Smart},
  author={Gigerenzer, Gerd and Todd, Peter M and the ABC Research Group},
  year={1999},
  address = {New York, NY},
  publisher={Oxford University Press}
}
@book{Gigerenzer2001,
  title={Bounded rationality: The adaptive toolbox},
  author={Gigerenzer, Gerd and Selten, Reinhard},
  year={2001},
  address = {Cambridge, MA},
  publisher={MIT Press},
  editor={Gigerenzer, Gerd and Selten, Reinhard}
}

@article{Golan2014,
author = {Golan, Hagai and Ert, Eyal},
year = {2014},title = {{Pricing decisions from experience: The roles of information-acquisition and response modes.}},
journal = {Cognition},
volume = {136},
pages = {9--13},
doi = {http://dx.doi.org/10.1016/j.cognition.2014.11.008}
}
@article{Gonzalez2011,
  title={Instance-based learning: Integrating sampling and repeated decisions from experience.},
  author={Gonzalez, Cleotilde and Dutt, Varun},
  journal={Psychological Review},
  volume={118},
  pages={523--552},
  doi = {http://dx.doi.org/10.1037/a0024558},
  year={2011}
}
@article{Gloeckner2012,
  title={{Processing differences between descriptions and experience: A comparative analysis using eye-tracking and physiological measures}},
  author={Gl{\"o}ckner, Andreas and Fiedler, Susann and Hochman, Guy and Ayal, Shahar and Hilbig, Benjamin},
  journal={Frontiers in Psychology},
 pages={3},
  doi = {http://dx.doi.org/10.3389/fpsyg.2012.00173},
  year={2012}
}
@article{Gloeckner2016,
  title={{The reversed description-experience gap: Disentangling sources of presentation format effects in risky choice.}},
  author={Gl{\"o}ckner, Andreas and Hilbig, Benjamin E and Henninger, Felix and Fiedler, Susann},
  journal={Journal of Experimental Psychology: General},
  volume={145},
  pages={486--508},
  doi = {http://dx.doi.org/10.1037/a0040103},
  year={2016}
}
@article{Grady2005,
  title={Payment of clinical research subjects},
  author={Grady, Christine},
  journal={Journal of Clinical Investigation},
  volume={115},
  doi = {http://dx.doi.org/10.1172/jci25694},
  pages={1681--1687},
  year={2005}
}
@article{Gretzel2008,
  title={Use and impact of online travel reviews},
  author={Gretzel, Ulrike and Yoo, Kyung Hyan},
  journal={Information and Communication Technologies in Tourism 2008},
  pages={35--46},
  doi = {http://dx.doi.org/10.1007/978-3-211-77280-5_4},
  year={2008}
}
@article{Griffin1992,
  title={The weighing of evidence and the determinants of confidence},
  author={Griffin, Dale and Tversky, Amos},
  journal={Cognitive Psychology},
  volume={24},
  pages={411--435},
  doi = {http://dx.doi.org/10.1016/0010-0285(92)90013-r},
  year={1992},
  publisher={Elsevier}
}

@article{Hadar2009,
author = {Hadar, Liat and Fox, Craig R},
journal = {Judgment and Decision Making},
pages = {317--325},
title = {{Information asymmetry in decision from description versus decision from experience}},
volume = {4},
year = {2009},
url = {http://journal.sjdm.org/9331/jdm9331.html}
}

@article{Hau2008,
author = {Hau, Robin and Pleskac, Timothy J and Kiefer, Jürgen and Hertwig, Ralph},
year = {2008},
title = {{The description--experience gap in risky choice: The role of sample size and experienced probabilities}},
journal = {Journal of Behavioral Decision Making},
volume = {21},
pages = {493--518},
doi = {http://dx.doi.org/10.1002/bdm.598}
}

@article{Hau2010,
author = {Hau, Robin and Pleskac, TJ and Hertwig, Ralph},
year = {2010},
title = {{Decisions from experience and statistical probabilities: Why they trigger different choices than a priori probabilities}},
journal = {Journal of Behavioral Decision Making},
volume = {68},
pages = {48--68},
doi = {http://dx.doi.org/10.1002/bdm.665}
}

@inproceedings{Hawkins2014,
author = {Hawkins, Guy E and Camilleri, Adrian R and Newell, Ben R and Scott, D},
year = {2014},
title = {{Modeling Probability Knowledge and Choice in Decisions from}},
booktitle = {Proceedings of the 36th Annual Conference of the Cognitive Science Society},
pages = {595--600},
publisher = {Cognitive Science Society.}
}

@article{Hertwig2004,
author = {Hertwig, Ralph and Barron, Greg and Weber, Elke U and Erev, Ido},
year = {2004},
title = {{Decisions from experience and the effect of rare events in risky choice}},
journal = {Psychological Science},
volume = {15},
pages = {534--539},
doi = {http://dx.doi.org/10.2139/ssrn.1301100}
}

@inbook{Hertwig2006,
  author={Hertwig, Ralph and Barron, Greg and Weber, Elke U and Erev, Ido},
  year=2006,
  title={The Role of Information Sampling in Risky Choice},
  editor = {K. Fiedler and P. Juslin}, 
  booktitle= {Information Sampling and Adaptive Cognition}, 
  publisher= {Cambridge University Press},
  address= {New York, NY},
  pages = {72--91}
}

@inbook{Hertwig2008,
author={Hertwig, Ralph and Pleskac, Timothy J},
year = {2008},
editor = {Chater, Nick and Oaksford, Mike},
title = {{The game of life: How small samples render choice simpler}},
booktitle = {The probabilistic mind: Prospects for rational models of cognition},
publisher = {Oxford University Press},
address     = {Oxford, UK},
pages       = {209--236},
chapter     = {10}
}


@article{Hertwig2009,
author = {Hertwig, Ralph and Erev, Ido},
year = {2009},
title = {{The description-experience gap in risky choice.}},
journal = {Trends in Cognitive Sciences},
volume = {13},
pages = {517--523},
doi = {http://dx.doi.org/10.1016/j.tics.2009.09.004}
}
@article{Hertwig2010,
author = {Hertwig, Ralph and Pleskac, Timothy J},
year = {2010},
title = {{Decisions from experience: Why small samples?}},
journal = {Cognition},
volume = {115},
pages = {225--237},
doi = {http://dx.doi.org/10.1016/j.cognition.2009.12.009}
}
@article{Hertwig2012,
  title={The psychology and rationality of decisions from experience},
  author={Hertwig, Ralph},
  journal={Synthese},
  volume={187},
  pages={269--292},
  doi = {http://dx.doi.org/10.1007/s11229-011-0024-4},
  year={2012}
}
@article{Hogarth2005,
  title={The challenge of representative design in psychology and economics},
  author={Hogarth, Robin M},
  journal={Journal of Economic Methodology},
  volume={12},
  pages={253--263},
  year={2005},
}
@article{Irwin1953,
  title={Stated expectations as functions of probability and desirability of outcomes},
  author={Irwin, Francis W},
  journal={Journal of Personality},
  volume={21},
  pages={329--335},
  doi = {http://dx.doi.org/10.1111/j.1467-6494.1953.tb01775.x},
  year={1953}
}

@article{Katz1962,
  title={Monetary incentive and range of payoffs as determiners of risk taking.},
  author={Katz, Leonard},
  journal={Journal of Experimental Psychology},
  volume={64},
  pages={541--544},
  doi = {http://dx.doi.org/10.1037/h0047013},
  year={1962}
}

@article{Mata2007,
  title={The aging decision maker: Cognitive aging and the adaptive selection of decision strategies.},
  author={Mata, Rui and Schooler, Lael J and Rieskamp, J{\"o}rg},
  journal={Psychology and Aging},
  volume={22},
  pages={796--810},
  year={2007},
  publisher={American Psychological Association}
}
@article{Mehlhorn2014,
  title={Observed variability and values matter: Toward a better understanding of information search and decisions from experience},
  author={Mehlhorn, Katja and Ben-Asher, Noam and Dutt, Varun and Gonzalez, Cleotilde},
  journal={Journal of Behavioral Decision Making},
  volume={27},
  pages={328--339},
  doi = {http://dx.doi.org/10.1002/bdm.1809},
  year={2014},
}
@article{Mehra1985,
  title={The equity premium: A puzzle},
  author={Mehra, Rajnish and Prescott, Edward C},
  journal={Journal of Monetary Economics},
  volume={15},
  url = {http://academicwebpages.com/preview/mehra/pdf/The%20Equity%20Premium%20A%20Puzzle.pdf},
  pages={145--161},
  year={1985},
  publisher={Elsevier}
}
@article{Myers1962,
  title={Range of payoffs and feedback in risk taking},
  author={Myers, Jerome L and Katz, Leonard},
  journal={Psychological Reports},
  volume={10},
  pages={483--486},
  doi = {http://dx.doi.org/10.2466/pr0.1962.10.2.483},
  year={1962}
}
@book{Jeffreys1961,
author = {Jeffreys},
year = {1961},
title = {{Theory of Probability}},
edition = {3},
publisher = {Oxford University Press},
address = {Oxford, UK}
}

@article{Tversky1971,
  title={Belief in the law of small numbers.},
  author={Tversky, Amos and Kahneman, Daniel},
  journal={Psychological Bulletin},
  volume={76},
  pages={105--110},
  year={1971},
  doi = {http://dx.doi.org/10.1037/h0031322},
  publisher={American Psychological Association}
}

@article{Kahneman1979,
author = {Kahneman, David and Tversky, Amos},
year = {1979},
title = {{Prospect theory: An analysis of decision under risk}},
journal = {Econometrica},
volume = {47},
pages = {263--291},
doi = {http://dx.doi.org/10.2307/1914185}
}

@book{Kahneman2000,
author = {Kahneman, David and Tversky, Amos},
year = {2000},
title = {{Choices, Values and Frames}},
publisher = {Cambridge University Press},
address = {Cambridge, UK}
}

@article{Kass1995,
author = {Kass, R E and Raftery, A E},
year = {1995},
title = {{Bayes factors}},
journal = {Journal of the American Statistical Association},
volume = {90},
pages = {773--795}
}
@article{Kempf2014,
author = {Kempf, Alexander and Merkle, Christoph and Niessen-Ruenzi, Alexandra},
journal = {European Financial Management},
pages = {995--1030},
title = {{Low risk and high return---Affective attitudes and stock market expectations}},
volume = {20},
doi = {http://dx.doi.org/10.1111/eufm.12001},
year = {2014}
}
@article{Kersten2004,
author = {Kersten, D and Mamassian, Pascal and Yuille, A},
journal = {Annual Reviews},
pages = {271--304},
volume = {55},
title = {{Object perception as Bayesian inference}},
doi = {http://dx.doi.org/10.1146/annurev.psych.55.090902.142005},
year = {2004}
}

@unpublished{Kellen2015,
year = {2015},
author = {Kellen, David and Pachur, Thorsten},
title = {{Hierarchical-Bayesian Modeling of Description and Experience-Based Decisions: A Cumulative Prospect Theory Account}},
note = {Manuscript in preparation}
}

@book{Knight1921,
author = {Knight, F. H.},
year = {1921},
title = {{Risk, uncertainty, and profit.}},
publisher = {Sentry Press},
address = {New York, NY}
}

@article{Kutzner2016,
  title={{Choosing the devil you don’t know: Evidence for limited sensitivity to sample size--based uncertainty when it offers an advantage}},
  author={Kutzner, Florian L and Read, Daniel and Stewart, Neil and Brown, Gordon},
  journal={Management Science},
  volume={63},
  pages={1519--1528},
  doi = {http://dx.doi.org/10.1287/mnsc.2015.2394},
  year={2016}
  }
  @article{Lejarraga2012a,
  title={Instance-based learning: A general model of repeated binary choice},
  author={Lejarraga, Tom{\'a}s and Dutt, Varun and Gonzalez, Cleotilde},
  journal={Journal of Behavioral Decision Making},
  volume={25},
  pages={143--153},
  doi = {http://dx.doi.org/10.1002/bdm.722},
  year={2012}
}
@article{Lejarraga2012,
  title={How choice ecology influences search in decisions from experience},
  author={Lejarraga, Tom{\'a}s and Hertwig, Ralph and Gonzalez, Cleotilde},
  journal={Cognition},
  volume={124},
  pages={334--342},
  doi = {http://dx.doi.org/10.1016/j.cognition.2012.06.002},
  year={2012}
}
@book{Lewandowsky2011,
author = {Lewandowsky, Stepha and Farrell, Simon},
year = {2011},
title = {{Computational modeling in cognition: Principles and practice.}},
publisher = {Sage},
address = {Thousand Oaks, CA}
}

@article{Lichtenstein1971,
author = {Lichtenstein, S and Slovic, P},
year = {1971},
title = {{Reversals of preference between bids and choices in gambling decisions}},
journal = {Journal of Experimental Psychology},
volume = {89},
pages = {46--55}
}
@article{Lopes1983,
  title={Some thoughts on the psychological concept of risk.},
  author={Lopes, Lola L},
  journal={Journal of Experimental Psychology: Human Perception and Performance},
  volume={9},
  pages={137-144},
  doi = {http://dx.doi.org/10.1037/0096-1523.9.1.137},
  year={1983},
}
@article{Macklin1981,
  title={{`Due' and `undue' inducements: On paying money to research subjects}},
  author={Macklin, Ruth},
  journal={IRB: Ethics \& Human Research},
  volume={3},
  pages={1--6},
  doi = {http://dx.doi.org/10.2307/3564136},
  year={1981}
}
@article{Maheu2007,
  author={Maheu, John M and McCurdy, Thomas H},
  year={2007},
  title={{Components of market risk and return}},
  journal={Journal of Financial Econometrics},
  volume={5},
  pages={560--590}
}
@article{Mcneill1997,
  title={{Paying people to participate in research: Why not?}},
  author={McNeill, Paul},
  journal={Bioethics},
  volume={11},
  pages={390--396},
  doi = {http://dx.doi.org/10.1111/1467-8519.00079},
  year={1997}
}

@article{Markowitz1952,
author = {Markowitz, Harry},
title = {{Portfolio selection}},
year = {1952},
journal = {Journal of Finance},
volume = {7},
pages = {77-91},
doi = {https://doi.org/10.1111/j.1540-6261.1952.tb01525.x }
}


@book{Markowitz1959,
  author={Markowitz, Harry},
  title={{Portfolio selection: Efficient Diversification of Investments}},
  year={1959},
  publisher = {Wiley},
  address = {New York, NY}

}

@article{Markowitz1991,
  author={Markowitz, Harry},
  title={{Foundations of portfolio theory}},
  journal={The journal of finance},
  volume={46},
  pages={469--477},
  year={1991},
  doi = {https://doi.org/10.2307/2328831 }
}

@article{Mohr2010a,
author = {Mohr, Peter N C and Biele, Guido and Krugel, Lea K. and Li, Shu Chen and Heekeren, Hauke R.},
year = {2010},
title = {{Neural foundations of risk-return trade-off in investment decisions}},
journal = {NeuroImage},
volume = {49},
pages = {2556--2563},
doi = {http://dx.doi.org/10.1016/j.neuroimage.2009.10.060}
}
@article{Obrecht2007,
  title={Intuitive \textit{t} tests: Lay use of statistical information},
  author={Obrecht, Natalie A and Chapman, Gretchen B and Gelman, Rochel},
  journal={Psychonomic Bulletin \& Review},
  volume={14},
  pages={1147--1152},
  doi = {http://dx.doi.org/10.3758/bf03193104},
  year={2007}
}


@incollection{Osherson1995,
  title={{Probability judgment}},
  author={Osherson, D, N},
    booktitle={Thinking},
  editor = {Smith, E E and Osherson, D N},
  pages={35--75},
  year={1995},
  address = {Cambridge, MA},
  publisher  = {MIT Press}
}


@article{Powell2017,
  title={{The love of large numbers: A popularity bias in consumer choice}},
  author={Powell, Derek and Yu, Jingqi and DeWolf, Melissa and Holyoak, Keith J},
  journal={Psychological Science},
    volume={10},
  pages={1432-1442},
  doi = {http://dx.doi.org/10.1177/0956797617711291},
  year={2017}
}
@article{Plonsky2015,
  title={Reliance on small samples, the wavy recency effect, and similarity-based learning.},
  author={Plonsky, Ori and Teodorescu, Kinneret and Erev, Ido},
  journal={Psychological Review},
  volume={122},
  pages={621--647},
  year={2015}}
}
@Manual{R2014,
title = {R: A Language and Environment for Statistical Computing},
author = {{R Core Team}},
organization = {R Foundation for Statistical 	Computing},
address = {Vienna, Austria},
year = {2014},
url = {http://www.R-project.org/}
}


@article{Rakow2008,
author = {Rakow, Tim and Demes, Kali A. and Newell, Ben R.},
year = {2008},
title = {{Biased samples not mode of presentation: Re-examining the apparent underweighting of rare events in experience-based choice}},
journal = {Organizational Behavior and Human Decision Processes},
volume = {106},
pages = {168--179},
doi = {http://dx.doi.org/10.1016/j.obhdp.2008.02.001}
}

@article{Roth2016,
  title={{Click or Skip: The Role of Experience in Easy-Click Checking Decisions}},
  author={Roth, Yefim and W{\"a}nke, Michaela and Erev, Ido},
  journal={Journal of Consumer Research},
  pages={583--597},
  year={2016}
}
@article{Rakow2010,
author = {Rakow, Tim and Newell, Ben R.},
year = {2010},
title = {{Degrees of uncertainty: an overview and framework for future research on experience-based choice}},
journal = {Journal of Behavioral Decision Making},
volume = {23},
pages = {1--14}
}
@book{Rheinberger2015,
  title={{Dinner with Bayes: On the revision of risk reliefs}},
  author={Rheinberger, Christoph M and Hammitt, James K},
  year={2015},
  address = {},
  publisher  = {(Report No. TSE 15-574). Retrieved from: http://tse-fr.eu/pub/29293}
}
@incollection{Rieskamp1999,
  title={When do people use simple heuristics, and how can we tell?},
  author={Rieskamp, J{\"o}rg and Hoffrage, Ulrich},
  booktitle={Simple heuristics that make us smart.},
  pages={141--167},
  year={1999},
  address={New York},
  publisher={Oxford University Press},
  editor = {Gigerenzer, Gerd and Todd, Peter M and the ABC Research Group}
}


@article{Rieskamp2006,
  title={{SSL}: A theory of how people learn to select strategies.},
  author={Rieskamp, J{\"o}rg and Otto, Philipp E},
  journal={Journal of Experimental Psychology: General},
  volume={135},
  pages={207-236},
  year={2006},
  publisher={American Psychological Association}
  }
@article{Rieskamp2008,
  title={The probabilistic nature of preferential choice.},
  author={Rieskamp, J{\"o}rg},
  journal={Journal of Experimental Psychology: Learning, Memory, and Cognition},
  volume={34},
  pages={1446-1465},
  doi = {http://dx.doi.org/10.1037/a0013646},
  year={2008}
}
@article{Pachur2012,
author = {Pachur, Thorsten and Scheibehenne, Benjamin},
year = {2012},
title = {{Constructing preference from experience: The endowment effect reflected in external information search.}},
journal = {Journal of Experimental Psychology: Learning, Memory, and Cognition},
volume = {38},
pages = {1108--1116},
doi = {http://dx.doi.org/10.1037/a0027637}
}

@article{Pleskac2014,
author = {Pleskac, Timothy J and Hertwig, Ralph},
year = {2014},
title = {{Ecologically rational choice and the structure of the environment}},
journal = {Journal of Experimental Psychology: General},
pages = {2000--2019},
volume = {143},
doi = {http://dx.doi.org/10.1037/xge0000013}
}

@article{Pohl2006,
  title={Empirical tests of the recognition heuristic},
  author={Pohl, R{\"u}diger F},
  journal={Journal of Behavioral Decision Making},
  volume={19},
  pages={251--271},
  year={2006},
  publisher={Wiley Online Library}
}
@article{Sachse2012,
author = {Sachse, Katharina and Jungermann, Helmut and Belting, Julia M.},
journal = {Journal of Economic Psychology},
pages = {437--447},
title = {{Investment risk - The perspective of individual investors}},
volume = {33},
year = {2012},
doi = { https://doi.org/10.1016/j.joep.2011.12.006 }
}
@article{Schoebel2016,
  title={Social Influences in Sequential Decision Making},
  author={Sch{\"o}bel, Markus and Rieskamp, J{\"o}rg and Huber, Rafael},
  journal={PloS ONE},
  volume={11},
    pages={1--23},
  year={2016},
  doi = {https://doi.org/10.1371/journal.pone.0146536 }
}
@article{Seidl2002,
author = {Seidl, Christian and Kiel, Christian-albrechts-universita},
journal = {Journal of Economic Surveys},
pages = {621--655},
title = {{Preference reversal}},
volume = {16},
year = {2002}
}

@article{Sharpe1964,
  title={Capital asset prices: A theory of market equilibrium under conditions of risk},
  author={Sharpe, William F},
  journal={The Journal of Finance},
  volume={19},
  pages={425--442},
  year={1964},
  publisher={Wiley Online Library}
}
@article{Shefrin2001,
author = {Shefrin, Hersh},
journal = {Journal of Psychology and Financial Markets},
pages = {176--181},
title = {{Do investors expect higher returns from safer stocks than from riskier stocks?}},
volume = {2},
doi = {http://dx.doi.org/10.1207/s15327760jpfm0204_1},
year = {2001}
}
@incollection{Simon1966,
  title={Theories of decision-making in economics and behavioural science},
  author={Simon, Herbert A},
  booktitle={Surveys of economic theory},
  pages={1--28},
  year={1966},
  address={Palgrave Macmillan, UK},
  publisher={Springer}
}
@article{Slovic1987,
  title={Perception of risk},
  author={Slovic, Paul},
  journal={Science},
  volume={236},
  pages={280--285},
  year={1987}
}
@book{Sullivan2012,
  title={Managing Income in Retirement: Planning With Purpose},
  author={Sullivan, K.R.},
  isbn={9781468545890},
  url={https://books.google.ch/books?id=Bngd-cALP3kC},
  year={2012},
  publisher={AuthorHouse}
}


@article{Sunden1998,
author = {Sunden, Annika E. and Surette, Brian J.},
journal = {American Economic Review},
year = {1998},
pages = {207--211},
volume = {88},
title = {{Gender differences in the allocation of assets in retirement savings plans}},
url = {http://www.jstor.org/stable/116920}
}

@article{Suydam1965,
  title={Effects of cost and gain ratios, and probability of outcome on ratings of alternative choices},
  author={Suydam, Mary M},
  journal={Journal of Mathematical Psychology},
  volume={2},
  pages={171--179},
  doi = {http://dx.doi.org/10.1016/0022-2496(65)90022-2},
  year={1965}
}
@article{Tenenbaum2006,
  title={{Theory-based Bayesian models of inductive learning and reasoning}},
  author={Tenenbaum, Joshua B and Griffiths, Thomas L and Kemp, Charles},
  journal={Trends in Cognitive Sciences},
  volume={10},
  pages={309--318},
  doi = {http://dx.doi.org/10.1016/j.tics.2006.05.009},
  year={2006},
  publisher={Elsevier}
}
@article{Thaler1980,
  title={Toward a positive theory of consumer choice},
  author={Thaler, Richard},
  journal={Journal of Economic Behavior \& Organization},
  volume={1},
  pages={39--60},
  year={1980},
  publisher={Elsevier}
}

@book{Todd2012,
  title={Ecological rationality: Intelligence in the world},
  author={Todd, Peter M and Gigerenzer, Gerd},
  year={2012},
 address = {New York, NY},
  publisher={Oxford University Press}
}
@article{Tversky1992,
  title={Advances in prospect theory: Cumulative representation of uncertainty},
  author={Tversky, Amos and Kahneman, Daniel},
  journal={Journal of Risk and uncertainty},
  volume={5},
  pages={297--323},
  year={1992},
  publisher={Springer}
  }

@article{Ungemach2009,
author = {Ungemach, Christoph and Chater, Nick and Stewart, Neil},
year = {2009},
title = {{Are probabilities overweighted or underweighted when rare outcomes are experienced (rarely)?}},
journal = {Psychological Science},
volume = {20},
pages = {473--479},
doi = {http://dx.doi.org/10.1111/j.1467-9280.2009.02319.x}
}
@book{vonNeumann1947,
author = {Von Neumann, John and Morgenstern, Oskar},
year = {1947},
title = {{Theory of games and economic behavior}},
publisher = {Princeton University Press},
address = {Princeton, NJ},
edition  = {2}
}

@article{Weber2005,
author = {Weber, Elke U. and Siebenmorgen, Niklas and Weber, Martin},
year = {2005},
title = {{Communicating asset risk: How name recognition and the format of historic volatility information affect risk perception and investment decisions}},
journal = {Risk Analysis},
pages = {597--609},
volume = {25},
}

@incollection{Weber2008,
address = {New York},
author = {Weber, Elke U and Johnson, Eric J},
booktitle = {Neuroeconomics: Decision Making and the Brain},
editor = {Glimcher, P and Camerer, C and Fehr, E and Poldrack, R},
pages = {127--144},
publisher = {Elsevier},
title = {{Decisions under uncertainty: Psychological, economic, and neuroeconomic explanations of risk preference}},
year = {2008}
}

@article{Weber2009,
author = {Weber, E U and Johnson, E J},
journal = {Annual Review of Psychology},
pages = {53--85},
title = {{Mindful judgment and Decision Making}},
volume = {60},
year = {2009}
}

@inbook{Wetzels2015,
author={Wetzels, Ruud and van Ravenzwaaij, Don and Wagenmakers, Eric-Jan},
year = {2015},
editor = {Cautin, R and Lilienfeld, S},
title = {{Bayesian Analysis}},
booktitle = { The Encyclopedia of Clinical Psychology},
publisher = {Wiley-Blackwell}
}


@article{Wulff2017,
year = {2017},
author = {Wulff, D. U. and Mergenthaler-Canseco, Max and Hertwig, Ralph},
journal={Psychological Bulletin},
title = {{A meta-analytic review of two modes of learning and the description-experience gap}},
  pages={Advance online publication},
doi = {http://dx.doi.org/10.1037/bul0000115}
}
@article{Xu2007word,
  title={{Word learning as Bayesian inference.}},
  author={Xu, Fei and Tenenbaum, Joshua B},
  journal={Psychological Review},
  volume={114},
  pages={245–272},
  doi = {http://dx.doi.org/10.1037/0033-295X.114.2.245},
  year={2007}
}

@article{Ye2009,
  title={The impact of online user reviews on hotel room sales},
  author={Ye, Qiang and Law, Rob and Gu, Bin},
  journal={International Journal of Hospitality Management},
  volume={28},
  pages={180--182},
  doi = {http://dx.doi.org/10.1016/j.ijhm.2008.06.011},
  year={2009}
}
@article{Zhu2010,
  title={Impact of online consumer reviews on sales: The moderating role of product and consumer characteristics},
  author={Zhu, Feng and Zhang, Xiaoquan},
  journal={Journal of Marketing},
  volume={74},
  pages={133--148},
  year={2010}
}
@article{Zhang2010,
  title={{The impact of e-word-of-mouth on the online popularity of restaurants: A comparison of consumer reviews and editor reviews}},
  author={Zhang, Ziqiong and Ye, Qiang and Law, Rob and Li, Yijun},
  journal={International Journal of Hospitality Management},
  volume={29},
  pages={694--700},
  year={2010},
  publisher={Elsevier}
}

