@article{Kempf2014,
author = {Kempf, Alexander and Merkle, Christoph and Niessen-Ruenzi, Alexandra},
journal = {European Financial Management},
number = {5},
pages = {995--1030},
title = {{Low risk and high return - Affective attitudes and stock market expectations}},
volume = {20},
year = {2014}
}

@article{Shefrin2001,
author = {Shefrin, Hersh},
journal = {Journal of Psychology and Financial Markets},
number = {4},
pages = {210--215},
title = {{Do Investors Expect Higher Returns From Safer Stocks Than From Riskier Stocks?}},
volume = {2},
year = {2001}
}




@article{Ashby2014,
author = {Ashby, Nathaniel J S and Rakow, Tim},
year = {2014},
title = {{Forgetting the past: Individual differences in recency in subjective valuations from experience.}},
volume = {40},
number =  {4},
pages = {1153--1162},
journal = {Journal of experimental psychology. Learning, memory, and cognition},
doi = {10.1037/a0036352}
}



@article{Barron2009,
author = {Barron, Greg and Yechiam, Eldad},
journal = {Judgment and Decision Making},
number =  {6},
pages = {447--460},
title = {{The coexistence of overestimation and underweighting of rare events and the contingent recency effect}},
volume = {4},
year = {2009}
}

@Manual{BayesFactor,
    title = {BayesFactor: Computation of Bayes factors for common designs},
    author = {Richard D. Morey and Jeffrey N. Rouder},
    year = {2014},
    note = {R package version 0.9.9},
    url = {http://CRAN.R-project.org/package=BayesFactor}
  }
  
@article{Becker1964, 
author = {Becker, G M and DeGroot, M H and Marschak, J},
year = {1964},
title = {{ Measuring utility by a single-response sequential method}},
journal = {Behavioural Science},
volume = {9},
number =  {3},
pages = {226--232},
doi = {10.1002/bs.3830090304}
}

@book{Burnham2002,
  title={Model selection and multimodel inference: a practical information-theoretic approach},
  author={Burnham, Kenneth P and Anderson, David R},
  year={2002},
  address= {New York, NY},
  publisher={Springer-Verlag}
}

@article{Busemeyer1985,
author = {Busemeyer, J R},
title = {{Decision making under uncertainty: a comparison of simple scalability, fixed-sample, and sequential-sampling models.}},
journal = {Journal of experimental psychology. Learning, memory, and cognition},
number =  {3},
pages = {538--564},
volume = {11},
year = {1985}
}

@incollection{Busemeyer1997,
  author      = {Busemeyer, Jerome R. and  Byun, Eunhee  and  Delosh, Edward L. and  McDaniel, Mark A.},
  title       = {Learning functional relations based on experience with input-output pairs by humans and artificial neural networks},
  editor      = {Lamberts,Koen and Shanks, David },
  booktitle   = {Knowledge concepts and categories},
  publisher   = {Psychology Press},
  address     = {New York},
  year        = {1997},
  pages       = {405-437},
  chapter     = {11}
}


@inproceedings{Camilleri2009a,
author = {Camilleri, Adrian R and Newell, Ben R},
year = {2009},
title = {{Within-subject Preference Reversals in Description- and Experience-based Choice}},
booktitle = {Proceedings of the 31st annual conference of the cognitive science society},
pages = {449--454},
publisher = {Cognitive Science Society.}
}

@article{Camilleri2009,
author = {Camilleri, Adrian R and Newell, Ben R},
year = {2009},
title = {{The role of representation in experience-based choice}},
journal = {Judgment and Decision Making},
volume = {4},
number =  {7},
pages = {518--529}
}

@inproceedings{Camilleri2011,
author = {Camilleri, Adrian R and Newell, Ben R},
year = {2011},
title = {{The relevance of a probabilistic mindset in risky choice}},
booktitle = {Proceedings of the 33rd Annual Conference of the Cognitive Science Society},
pages = {2794--2799},
publisher = {Cognitive Science Society.}
}

@article{Camilleri2011a,
author = {Camilleri, Adrian R and Newell, Ben R},
year = {2011},
title = {{Description- and experience-based choice: does equivalent information equal equivalent choice?}},
journal = {Acta psychologica},
volume = {136},
number =  {3},
pages = {276--284},
doi = {10.1016/j.actpsy.2010.11.007}
}
@PHDTHESIS{Camilleri2011b,
author = {Camilleri, Adrian R},
year = {2011},
title = {{The Psychological Mechanisms Underpinning Experience-based Choice}},
school = {The University of New South Wales},
address = {Sydney, Australia}
}

@book{Chaucer,
  title={In The Riverside Chaucer.},
  author={Chaucer, Geoffrey},
  year={1987},
  editor = {Larry D. Benson},
  address= {Boston, Mass.},
  publisher={Houghton Mifflin Co.}
}
%@online{Chaucer,
%  author = {Chaucer, Geoffrey},
 % year = {},
 % editor = {Purves, D Laing },
 % title = {The Canterbury Tales},
 %url = {http://http://quod.lib.umich.edu/c/cme/CT/1:1.6?rgn=div2;view=fulltext},
 % urldate = {2015-01-15}
%}
@article{Courville2006Bayesian,
  title={Bayesian theories of conditioning in a changing world},
  author={Courville, Aaron C and Daw, Nathaniel D and Touretzky, David S},
  journal={Trends in cognitive sciences},
  volume={10},
  number={7},
  pages={294--300},
  year={2006},
  publisher={Elsevier}
}



@article{Dimson2003,
  title={Global evidence on the equity risk premium},
  author={Dimson, Elroy and Marsh, Paul and Staunton, Mike},
  journal={Journal of Applied Corporate Finance},
  volume={15},
  number={4},
  pages={27--38},
  year={2003}
}


@article{Duxbury2004,
author = {Duxbury, Darren and Summers, Barbara},
journal = {Economics Letters},
pages = {21--28},
title = {{Financial risk perception. Are individuals variance averse or loss averse?}},
volume = {84},
year = {2004}
}

@article{Ert2014,
  title={Sampling experience reverses preferences for ambiguity},
  author={Ert, Eyal and Trautmann, Stefan T},
  journal={Journal of Risk and Uncertainty},
  volume={49},
  number={1},
  pages={31--42},
  year={2014}
}
@ARTICLE{Fama1973,
title = {Risk, Return, and Equilibrium: Empirical Tests},
author = {Fama, Eugene and MacBeth, James D},
year = {1973},
journal = {Journal of Political Economy},
volume = {81},
number =  {3},
pages = {607-36}
}

@book{Gigerenzer1999,
  title={Simple Heuristics That Make Us Smart},
  author={Gigerenzer, Gerd and Todd, Peter M and the ABC Research Group},
  year={1999},
  address = {New York},
  publisher={Oxford University Press}
}
@book{Gigerenzer2002,
  title={Bounded rationality: The adaptive toolbox},
  author={Gigerenzer, Gerd and Selten, Reinhard},
  year={2002},
  address = {Cambridge, MA},
  publisher={MIT press}
  
}

@article{Golan2014,
author = {Golan, Hagai and Ert, Eyal},
year = {2014},title = {{Pricing decisions from experience: The roles of information-acquisition and response modes.}},
journal = {Cognition},
volume = {136},
pages = {9--13},
doi = {10.1016/j.cognition.2014.11.008}
}

@article{Gloeckner2012,
  title={Processing differences between descriptions and experience: A comparative analysis using eye-tracking and physiological measures},
  author={Gl{\"o}ckner, Andreas and Fiedler, Susann and Hochman, Guy and Ayal, Shahar and Hilbig, Benjamin},
  journal={Frontiers in psychology},
  volume={3},
  pages={173},
  year={2012},
  publisher={Frontiers}
}

@article{Griffin1992,
  title={The weighing of evidence and the determinants of confidence},
  author={Griffin, Dale and Tversky, Amos},
  journal={Cognitive psychology},
  volume={24},
  number={3},
  pages={411--435},
  year={1992},
  publisher={Elsevier}
}

@article{Hadar2009,
author = {Hadar, Liat and Fox, Craig R},
journal = {Judgment and Decision Making},
number =  {4},
pages = {317--325},
title = {{Information asymmetry in decision from description versus decision from experience}},
volume = {4},
year = {2009}
}

@article{Hau2008,
author = {Hau, Robin and Pleskac, Timothy J and Kiefer, JÃ¼rgen and Hertwig, Ralph},
year = {2008},
title = {{The description--experience gap in risky choice: the role of sample size and experienced probabilities}},
journal = {Journal of Behavioral Decision Making},
volume = {21},
pages = {493--518}
}

@article{Hau2010,
author = {Hau, Robin and Pleskac, TJ and Hertwig, Ralph},
year = {2010},
title = {{Decisions from experience and statistical probabilities: Why they trigger different choices than a priori probabilities}},
journal = {Journal of Behavioral Decision Making},
volume = {68},
number =  {1},
pages = {48--68}
}

@inproceedings{Hawkins2014,
author = {Hawkins, Guy E and Camilleri, Adrian R and Newell, Ben R and Scott, D},
year = {2014},
title = {{Modeling Probability Knowledge and Choice in Decisions from}},
booktitle = {Proceedings of the 36th Annual Conference of the Cognitive Science Society},
pages = {595--600},
publisher = {Cognitive Science Society.}
}

@article{Hertwig2004,
author = {Hertwig, Ralph and Barron, Greg and Weber, Elke U and Erev, Ido},
year = {2004},
title = {{Decisions from experience and the effect of rare events in risky choice}},
journal = {Psychological Science},
volume = {15},
pages = {534--539}
}

@inbook{Hertwig2006,
  author={Hertwig, Ralph and Barron, Greg and Weber, Elke U and Erev, Ido},
  year=2006,
  title={The Role of Information Sampling in Risky Choice},
  editor = {K. Fiedler and P. Juslin}, 
  booktitle= {Information Sampling and Adaptive Cognition}, 
  publisher= {Cambridge University Press},
  address= {New York, NY},
  pages = {72--91}
}
@article{Hertwig2009,
author = {Hertwig, Ralph and Erev, Ido},
year = {2009},
title = {{The description-experience gap in risky choice.}},
journal = {Trends in Cognitive Sciences},
volume = {13},
number =  {12},
pages = {517--23}
}
@article{Hertwig2010,
author = {Hertwig, Ralph and Pleskac, Timothy J},
year = {2010},
title = {{Decisions from experience: why small samples?}},
journal = {Cognition},
volume = {115},
number =  {2},
pages = {225--37},
doi = {10.1016/j.cognition.2009.12.009}
}

@article{Mehra1985,
  title={The equity premium: A puzzle},
  author={Mehra, Rajnish and Prescott, Edward C},
  journal={Journal of monetary Economics},
  volume={15},
  number={2},
  pages={145--161},
  year={1985},
  publisher={Elsevier}
}

@book{Jeffreys1961,
author = {Jeffreys},
year = {1961},
title = {{Theory of Probability}},
edition = {3},
publisher = {Oxford University Press},
address = {Oxford, UK}
}

@article{Tversky1971,
  title={Belief in the law of small numbers.},
  author={Tversky, Amos and Kahneman, Daniel},
  journal={Psychological bulletin},
  volume={76},
  number={2},
  pages={105},
  year={1971},
  publisher={American Psychological Association}
}

@article{Kahneman1979,
author = {Kahneman, David and Tversky, Amos},
year = {1979},
title = {{Prospect Theory: An Analysis of Decision under Risk}},
journal = {Econometrica},
volume = {47},
number =  {2},
pages = {263--291}
}

@book{Kahneman2000,
author = {Kahneman, David and Tversky, Amos},
year = {2000},
title = {{Choices, Values and Frames}},
publisher = {Cambridge University Press},
address = {Cambridge, UK}
}

@article{Kass1995,
author = {Kass, R E and Raftery, A E},
year = {1995},
title = {{Bayes factors}},
journal = {Journal of the American Statistical Association},
volume = {90},
pages = {773--795}
}

@article{Kersten2004,
author = {Kersten, D and Mamassian, Pascal and Yuille, a},
journal = {Annual Reviews},
pages = {271--304},
title = {{Object perception as Bayesian inference}},
year = {2004}
}

@unpublished{Kellen2015,
year = {2015},
author = {Kellen, David and Pachur, Thorsten},
title = {{Hierarchical-Bayesian Modeling of Description and Experience-Based Decisions: A Cumulative Prospect Theory Account}},
note = {Manuscript in preparation}
}

@book{Lewandowsky2011,
author = {Lewandowsky, Stepha and Farrell, Simon},
year = {2011},
title = {{Computational modeling in cognition: Principles and practice.}},
publisher = {Sage},
address = {Thousand Oaks, CA}
}

@article{Lichtenstein1971,
author = {Lichtenstein, S and Slovic, P},
year = {1971},
title = {{Reversals of preference between bids and choices in gambling decisions}},
journal = {Journal of Experimental Psychology},
volume = {89},
number =  {1},
pages = {46--55}
}

@article{Liuzzo2014,
  title={{}The term risk: etymology, legal definition and various traits}},
  author={Liuzzo, Gaetano and Bentley, Stefano and Giacometti, Federica and Bonfante, Elena and Serraino, Andrea},
  journal={Italian journal of food safety},
  volume={3},
  year={2014}
}

@article{Maheu2007,
  author={Maheu, John M and McCurdy, Thomas H},
  year={2007},
  title={{Components of market risk and return}},
  journal={Journal of Financial Econometrics},
  volume={5},
  number={4},
  pages={560--590}
}

@article{Markowitz1952,
author = {Markowitz},
title = {{Portfolio selection}},
year = {1952},
journal = {Journal of Finance},
volume = {7},
pages = {77-91}
}



@book{Markowitz1959,
  author={Markowitz},
  title={{Portfolio selection: Efficient Diversification of Investments}},
  year={1959},
  publisher = {Wiley},
  address = {New York, NY}

}
@article{Markowitz1991,
  author={Markowitz},
  title={{Foundations of portfolio theory}},
  journal={The journal of finance},
  volume={46},
  pages={469--477},
  year={1991}
}



@article{Mohr2010a,
author = {Mohr, Peter N C and Biele, Guido and Krugel, Lea K. and Li, Shu Chen and Heekeren, Hauke R.},
year = {2010},
title = {{Neural foundations of risk-return trade-off in investment decisions}},
journal = {NeuroImage},
volume = {49},
number = {3},
pages = {2556--2563},
doi = {10.1016/j.neuroimage.2009.10.060}
}

@Manual{R2014,
title = {R: A Language and Environment for Statistical Computing},
author = {{R Core Team}},
organization = {R Foundation for Statistical 	Computing},
address = {Vienna, Austria},
year = {2014},
url = {http://www.R-project.org/}
}


@article{Rakow2008,
author = {Rakow, Tim and Demes, Kali A. and Newell, Ben R.},
year = {2008},
title = {{Biased samples not mode of presentation: Re-examining the apparent underweighting of rare events in experience-based choice}},
journal = {Organizational Behavior and Human Decision Processes},
volume = {106},
number =  {2},
pages = {168--179},
doi = {10.1016/j.obhdp.2008.02.001}
}
@article{Rakow2010,
author = {Rakow, Tim and Newell, Ben R.},
year = {2010},
title = {{Degrees of uncertainty: an overview and framework for future research on experience-based choice}},
journal = {Journal of Behavioral Decision Making},
volume = {23},
pages = {1--14}
}
@article{Rieskamp2006,
  title={{SSL}: a theory of how people learn to select strategies.},
  author={Rieskamp, J{\"o}rg and Otto, Philipp E},
  journal={Journal of Experimental Psychology: General},
  volume={135},
  pages={207-236},
  year={2006},
  publisher={American Psychological Association}
  
@article{Pachur2012,
author = {Pachur, Thorsten and Scheibehenne, Benjamin},
year = {2012},
title = {{Constructing preference from experience: the endowment effect reflected in external information search.}},
journal = {Journal of experimental psychology. Learning, memory, and cognition},
number =  {4},
volume = {38},
pages = {1108--1116}
}

@article{Pleskac2014,
author = {Pleskac, Timothy J and Hertwig, Ralph},
year = {2014},
title = {{Ecologically rational choice and the structure of the environment}},
journal = {Journal of Experimental Psychology: General},
number = {5},
pages = {2000--2019},
volume = {143}
}

@article{Pohl2006,
  title={Empirical tests of the recognition heuristic},
  author={Pohl, R{\"u}diger F},
  journal={Journal of Behavioral Decision Making},
  volume={19},
  number={3},
  pages={251--271},
  year={2006},
  publisher={Wiley Online Library}
}
@article{Sachse2012,
author = {Sachse, Katharina and Jungermann, Helmut and Belting, Julia M.},
journal = {Journal of Economic Psychology},
pages = {437--447},
title = {{Investment risk - The perspective of individual investors}},
volume = {33},
year = {2012}
}

@article{Seidl2002,
author = {Seidl, Christian and Kiel, Christian-albrechts-universita},
journal = {Journal of Economic Surveys},
number =  {5},
pages = {621--655},
title = {{Preference reversal}},
volume = {16},
year = {2002}
}

@incollection{Simon1966,
  title={Theories of decision-making in economics and behavioural science},
  author={Simon, Herbert A},
  booktitle={Surveys of economic theory},
  pages={1--28},
  year={1966},
  address={Palgrave Macmillan, UK}
  publisher={Springer}
}

@book{Sullivan2012,
  title={Managing Income in Retirement: Planning With Purpose},
  author={Sullivan, K.R.},
  isbn={9781468545890},
  url={https://books.google.ch/books?id=Bngd-cALP3kC},
  year={2012},
  publisher={AuthorHouse}
}

%@article{Tversky1979,author = {Kahneman, Daniel and Tversky, Amos},year = {1979},title = {{Prospect Theory: An Analysis of Decision under Risk}},journal = {Econometrica},number =  {2},pages = {263--292},volume = {47}}

@article{Sunden1998,
author = {Sunden, Annika E. and Surette, Brian J.},
journal = {American Economic Review},
year = {1998},
number =  {2},
pages = {207--211},
volume = {88},
title = {{Gender differences in the allocation of assets in retirement savings plans}}
}
@article{Tenenbaum2006,
  title={Theory-based Bayesian models of inductive learning and reasoning},
  author={Tenenbaum, Joshua B and Griffiths, Thomas L and Kemp, Charles},
  journal={Trends in cognitive sciences},
  volume={10},
  number={7},
  pages={309--318},
  year={2006},
  publisher={Elsevier}
}
@article{Thaler1980,
  title={Toward a positive theory of consumer choice},
  author={Thaler, Richard},
  journal={Journal of Economic Behavior \& Organization},
  volume={1},
  number={1},
  pages={39--60},
  year={1980},
  publisher={Elsevier}
}

@book{Todd2012,
  title={Ecological rationality: Intelligence in the world},
  author={Todd, Peter M and Gigerenzer, Gerd},
  year={2012},
  publisher={OUP USA}
}

@article{Ungemach2009,
author = {Ungemach, Christoph and Chater, Nick and Stewart, Neil},
year = {2009},
title = {{Are probabilities overweighted or underweighted when rare outcomes are experienced (rarely)?}},
journal = {Psychological science},
volume = {20},
number =  {4},
pages = {473--479}
}
@book{vonNeumann1947,
author = {von Neumann, John and Morgenstern, Oskar},
year = {1947},
title = {{Theory of Games and Economic Behavior}},
publisher = {Princton University Press},
address = {Princton, NJ},
edition  = {2}
}

@article{Weber2005,
author = {Weber, Elke U. and Siebenmorgen, Niklas and Weber, Martin},
year = {2005},
title = {{Communicating asset risk: How name recognition and the format of historic volatility information affect risk perception and investment decisions}},
journal = {Risk Analysis},
number = {3},
pages = {597--609},
volume = {25},
doi = {10.1111/j.1539-6924.2005.00627.x}
}

@incollection{Weber2008,
address = {New York},
author = {Weber, Elke U and Johnson, Eric J},
booktitle = {Neuroeconomics: Decision Making and the Brain},
editor = {Glimcher, P and Camerer, C and Fehr, E and Poldrack, R},
pages = {127--144},
publisher = {Elsevier},
title = {{Decisions under uncertainty: Psychological, economic, and neuroeconomic explanations of risk preference}},
year = {2008}
}

@article{Weber2009,
author = {Weber, E U and Johnson, E J},
journal = {Annual Review of Psychology},
pages = {53--85},
title = {{Mindful judgment and Decision Making}},
volume = {60},
year = {2009}
}

@inbook{Wetzels2015,
author={Wetzels, Ruud and van Ravenzwaaij, Don and Wagenmakers, Eric-Jan},
year = {2015},
editor = {Cautin, R and Lilienfeld, S},
title = {{Bayesian Analysis}},
booktitle = { The Encyclopedia of Clinical Psychology},
publisher = {Wiley-Blackwell}
}
@article{Xu2007word,
  title={Word learning as Bayesian inference.},
  author={Xu, Fei and Tenenbaum, Joshua B},
  journal={Psychological review},
  volume={114},
  number={2},
  pages={245},
  year={2007},
  publisher={American Psychological Association}
}
